<collection xmlns="http://www.loc.gov/MARC21/slim">
<record>
  <leader>01785nam0a22003251i 450 </leader>
  <controlfield tag="001">IT\ICCU\CNCE\062239</controlfield>
  <controlfield tag="005">20160217000000.0</controlfield>
  <datafield tag="012" ind1=" " ind2=" ">
    <subfield code="a">amus umn- s?Pa SiTe (3) 1572 (A)</subfield>
    <subfield code="2">fei</subfield>
  </datafield>
  <datafield tag="100" ind1=" " ind2=" ">
    <subfield code="a">20051103d1572        0itac0103    ba</subfield>
  </datafield>
  <datafield tag="101" ind1=" " ind2=" ">
    <subfield code="a">LAT</subfield>
  </datafield>
  <datafield tag="102" ind1=" " ind2=" ">
    <subfield code="a">IT</subfield>
  </datafield>
  <datafield tag="200" ind1="1" ind2=" ">
    <subfield code="a">℗P. Terentii ℗Comoediae ex vetustissimis libris &amp; versuum ratione a Gabriele Faerno emendatae. In eas comoedias emendationum libri VI. Item de versibus comicis liber I. Fragmentum Eographij interpretis in easdem fabulas</subfield>
  </datafield>
  <datafield tag="210" ind1=" " ind2=" ">
    <subfield code="a">Florentiae</subfield>
    <subfield code="c">apud Iuntas</subfield>
    <subfield code="d">1572</subfield>
    <subfield code="e">Impressum Florentiae</subfield>
    <subfield code="g">apud heredes Bernardi Iuntae</subfield>
    <subfield code="h">1572</subfield>
  </datafield>
  <datafield tag="215" ind1=" " ind2=" ">
    <subfield code="a">\24!, 318, \2! p.</subfield>
    <subfield code="d">8ʻ</subfield>
  </datafield>
  <datafield tag="620" ind1=" " ind2=" ">
    <subfield code="a">IT</subfield>
    <subfield code="d">Firenze</subfield>
  </datafield>
  <datafield tag="700" ind1=" " ind2="1">
    <subfield code="a">Terentius Afer,</subfield>
    <subfield code="b">Publius</subfield>
    <subfield code="3">IT\ICCU\CNCA\003195</subfield>
  </datafield>
  <datafield tag="702" ind1=" " ind2="1">
    <subfield code="a">Faerno,</subfield>
    <subfield code="b">Gabriele</subfield>
    <subfield code="3">IT\ICCU\CNCA\003198</subfield>
  </datafield>
  <datafield tag="712" ind1="0" ind2="0">
    <subfield code="a">Giunta, Bernardo</subfield>
    <subfield code="c"> &lt;1.&gt; - eredi</subfield>
    <subfield code="3">IT\ICCU\CNCT\000170</subfield>
    <subfield code="4">650</subfield>
  </datafield>
  <datafield tag="790" ind1=" " ind2="0">
    <subfield code="a">Terenzio</subfield>
    <subfield code="3">IT\ICCU\CNCA\014983</subfield>
    <subfield code="z">Terentius Afer, Publius</subfield>
  </datafield>
  <datafield tag="790" ind1=" " ind2="1">
    <subfield code="a">Faernus,</subfield>
    <subfield code="b">Gabriel</subfield>
    <subfield code="3">IT\ICCU\CNCA\013967</subfield>
    <subfield code="z">Faerno, Gabriele</subfield>
  </datafield>
  <datafield tag="790" ind1=" " ind2="1">
    <subfield code="a">Faerno,</subfield>
    <subfield code="b">Gabriello</subfield>
    <subfield code="3">IT\ICCU\CNCA\019246</subfield>
    <subfield code="z">Faerno, Gabriele</subfield>
  </datafield>
  <datafield tag="791" ind1="0" ind2="2">
    <subfield code="a">Bibliotheca Iunctia</subfield>
    <subfield code="3">IT\ICCU\CNCT\006345</subfield>
    <subfield code="z">Giunta, Bernardo &lt;1.&gt; - eredi</subfield>
  </datafield>
  <datafield tag="801" ind1=" " ind2="3">
    <subfield code="a">IT</subfield>
    <subfield code="b">ICCU</subfield>
    <subfield code="c">20201115</subfield>
  </datafield>
  <datafield tag="899" ind1=" " ind2=" ">
    <subfield code="a">Biblioteca universitaria. Bologna</subfield>
    <subfield code="1">BO0098</subfield>
    <subfield code="2">UBO BU</subfield>
  </datafield>
  <datafield tag="899" ind1=" " ind2=" ">
    <subfield code="a">Biblioteca Medicea Laurenziana. Firenze</subfield>
    <subfield code="1">FI0100</subfield>
    <subfield code="2">CFI ML</subfield>
  </datafield>
  <datafield tag="899" ind1=" " ind2=" ">
    <subfield code="a">Biblioteca comunale. Montalcino</subfield>
    <subfield code="1">SI0023</subfield>
    <subfield code="2">RT1 QO</subfield>
  </datafield>
  <datafield tag="911" ind1=" " ind2=" ">
    <subfield code="a">Sul front.</subfield>
    <subfield code="9">IT\ICCU\CNCM\000008</subfield>
  </datafield>
  <datafield tag="911" ind1=" " ind2=" ">
    <subfield code="a">In fine.</subfield>
    <subfield code="9">IT\ICCU\CNCM\000091</subfield>
  </datafield>
  <datafield tag="921" ind1=" " ind2=" ">
    <subfield code="a">IT\ICCU\CNCM\000008</subfield>
    <subfield code="b">Giglio fiorentino. In cornice figurata</subfield>
    <subfield code="c">Z653</subfield>
    <subfield code="d">Dimensioni: 4,5 x 6</subfield>
    <subfield code="f">GIGLIO</subfield>
    <subfield code="g">1562-1574</subfield>
  </datafield>
  <datafield tag="921" ind1=" " ind2=" ">
    <subfield code="a">IT\ICCU\CNCM\000091</subfield>
    <subfield code="b">Giglio fiorentino con due putti, che reggono ai lati due cornucopie, poggia su un basamento</subfield>
    <subfield code="c">A49</subfield>
    <subfield code="c">K45</subfield>
    <subfield code="c">Z648</subfield>
    <subfield code="d">Dimensioni: 4,4 x 7,2</subfield>
    <subfield code="f">GIGLIO</subfield>
    <subfield code="f">PUTTI</subfield>
    <subfield code="g">1518-1598</subfield>
  </datafield>
</record>
</collection>
